%% This BibTeX bibliography file was created using BibDesk.
%% http://bibdesk.sourceforge.net/


%% Created for tchibo at 2016-05-12 14:02:51 +0300 


%% Saved with string encoding Unicode (UTF-8) 



@webpage{estraverse,
	Date-Added = {2016-05-12 10:45:43 +0000},
	Date-Modified = {2016-05-12 10:46:05 +0000},
	Title = {ESTraverse},
	Url = {https://github.com/estools/estraverse},
	Bdsk-Url-1 = {https://github.com/estools/estraverse}}

@webpage{escodegen,
	Date-Added = {2016-05-12 10:45:08 +0000},
	Date-Modified = {2016-05-12 10:45:29 +0000},
	Title = {ESCodegen},
	Url = {https://github.com/estools/escodegen},
	Bdsk-Url-1 = {https://github.com/estools/escodegen}}

@webpage{esprima,
	Date-Added = {2016-05-12 10:44:50 +0000},
	Date-Modified = {2016-05-12 10:45:06 +0000},
	Title = {ESPrima},
	Url = {http://esprima.org/},
	Bdsk-Url-1 = {http://esprima.org/}}

@webpage{proxy,
	Date-Added = {2016-05-12 10:43:27 +0000},
	Date-Modified = {2016-05-12 10:43:43 +0000},
	Title = {ECMAScript 6 Proxy},
	Url = {https://developer.mozilla.org/en/docs/Web/JavaScript/Reference/Global_Objects/Proxy},
	Bdsk-Url-1 = {https://developer.mozilla.org/en/docs/Web/JavaScript/Reference/Global_Objects/Proxy}}

@webpage{debuggerapi,
	Date-Added = {2016-05-12 10:42:03 +0000},
	Date-Modified = {2016-05-12 10:42:23 +0000},
	Title = {Mozilla Firefox Debugger-API},
	Url = {https://developer.mozilla.org/en-US/docs/Tools/Debugger-API},
	Bdsk-Url-1 = {https://developer.mozilla.org/en-US/docs/Tools/Debugger-API}}

@webpage{slimer,
	Date-Added = {2016-05-12 10:36:06 +0000},
	Date-Modified = {2016-05-12 10:36:20 +0000},
	Title = {SlimerJS},
	Url = {https://slimerjs.org/},
	Bdsk-Url-1 = {https://slimerjs.org/}}

@webpage{mozilla,
	Date-Added = {2016-05-12 10:35:31 +0000},
	Date-Modified = {2016-05-12 10:35:46 +0000},
	Title = {Mozilla Firefox},
	Url = {www.mozilla.org},
	Bdsk-Url-1 = {www.mozilla.org}}

@webpage{spidermonkey,
	Date-Added = {2016-05-12 10:34:35 +0000},
	Date-Modified = {2016-05-12 10:34:56 +0000},
	Title = {Mozilla Firefox SpiderMonkey},
	Url = {https://developer.mozilla.org/en-US/docs/Mozilla/Projects/SpiderMonkey},
	Bdsk-Url-1 = {https://developer.mozilla.org/en-US/docs/Mozilla/Projects/SpiderMonkey}}

@webpage{domwiki,
	Author = {Stefano and Heiderich and Braun},
	Date-Added = {2016-05-12 10:29:29 +0000},
	Date-Modified = {2016-05-12 10:30:45 +0000},
	Title = {DOM XSS Test Cases Wiki Cheatsheet Project},
	Url = {https://code.google.com/p/domxsswiki/Introduction},
	Bdsk-Url-1 = {https://code.google.com/p/domxsswiki/Introduction}}

@conference{vogt,
	Author = {Vogt},
	Date-Added = {2016-05-12 10:27:51 +0000},
	Date-Modified = {2016-05-12 10:56:50 +0000},
	Organization = {NDSS},
	Title = {Cross Site Scripting Prevention with Dynamic Data Tainting and Static},
	Year = {2007}}

@article{miller,
	Author = {Miller and Sandhu},
	Date-Added = {2016-05-12 10:15:51 +0000},
	Date-Modified = {2016-05-12 10:19:40 +0000},
	Title = {TaintSNIFFER: A Robust Dynamic Taint Tracking System For a Homogenous Web Browsing Environment},
	Url = {https://courses.cs.washington.edu/courses/cse501/10au/TaintSNIFFER.pdf},
	Bdsk-Url-1 = {https://courses.cs.washington.edu/courses/cse501/10au/TaintSNIFFER.pdf}}

@webpage{mario,
	Author = {Mario Heiderich},
	Date-Added = {2016-05-12 10:11:20 +0000},
	Date-Modified = {2016-05-12 10:12:22 +0000},
	Title = {In the DOM no one will hear your scream},
	Url = {http://www.slideshare.net/x00mario/in-the-dom-no-one-will-hear-you-scream},
	Bdsk-Url-1 = {http://www.slideshare.net/x00mario/in-the-dom-no-one-will-hear-you-scream}}

@book{TWClobbering,
	Author = {Micha{\l} Zalewski},
	Date-Added = {2016-05-12 10:05:43 +0000},
	Date-Modified = {2016-05-12 10:10:07 +0000},
	Pages = {110},
	Publisher = {No Starch Press},
	Title = {The Tangled Web: A Guide to Securing Modern Web Applications},
	Year = {2011}}

@webpage{dom,
	Date-Added = {2016-05-12 09:57:38 +0000},
	Date-Modified = {2016-05-12 09:58:12 +0000},
	Title = {Интерфейс Document Object Model},
	Url = {https://developer.mozilla.org/en-US/docs/Web/API/Document_Object_Model},
	Bdsk-Url-1 = {https://developer.mozilla.org/en-US/docs/Web/API/Document_Object_Model}}

@article{Richards2010,
	Author = {Richards and Lebresne and Burg and Vitek},
	Date-Added = {2016-05-12 09:52:49 +0000},
	Date-Modified = {2016-05-12 09:58:20 +0000},
	Journal = {ACM Sigplan Notices},
	Title = {An Analysis of the Dynamic Behavior of JavaScript Programs},
	Year = {2010}}

@webpage{topten,
	Date-Added = {2016-05-12 09:49:14 +0000},
	Date-Modified = {2016-05-12 09:49:51 +0000},
	Title = {Методика тестирования веб-приложений OWASP Top Ten},
	Url = {https://www.owasp.org/index.php/Top_10_2013-Top_10},
	Bdsk-Url-1 = {https://www.owasp.org/index.php/Top_10_2013-Top_10}}

@webpage{owasp,
	Date-Added = {2016-05-12 09:47:19 +0000},
	Date-Modified = {2016-05-12 09:56:01 +0000},
	Title = {Open Web Application Security Project},
	Url = {https://www.owasp.org/index.php/Main_Page},
	Bdsk-Url-1 = {https://www.owasp.org/index.php/Main_Page}}

@webpage{sop,
	Date-Added = {2016-05-12 09:46:12 +0000},
	Date-Modified = {2016-05-12 09:46:42 +0000},
	Title = {Описание механизма Same Origin Policy},
	Url = {https://en.wikipedia.org/wiki/Same-origin_policy},
	Bdsk-Url-1 = {https://en.wikipedia.org/wiki/Same-origin_policy}}

@webpage{domredirect,
	Date-Added = {2016-05-12 09:45:08 +0000},
	Date-Modified = {2016-05-12 09:45:30 +0000},
	Title = {Описание недостатка DOM Redirect},
	Url = {https://www.owasp.org/index.php/Testing_for_Client_Side_URL_Redirect_(OTG-CLIENT-004)},
	Bdsk-Url-1 = {https://www.owasp.org/index.php/Testing_for_Client_Side_URL_Redirect_(OTG-CLIENT-004)}}

@webpage{domxss,
	Date-Added = {2016-05-12 09:43:27 +0000},
	Date-Modified = {2016-05-12 09:43:48 +0000},
	Title = {Описание недостатка DOM Based XSS},
	Url = {https://www.owasp.org/index.php/DOM_Based_XSS},
	Bdsk-Url-1 = {https://www.owasp.org/index.php/DOM_Based_XSS}}

@webpage{ajax,
	Date-Added = {2016-05-12 09:42:00 +0000},
	Date-Modified = {2016-05-12 09:42:28 +0000},
	Title = {Технология асинхронных запросов AJAX},
	Url = {https://ru.wikipedia.org/wiki/AJAX},
	Bdsk-Url-1 = {https://ru.wikipedia.org/wiki/AJAX}}

@webpage{spa,
	Date-Added = {2016-05-12 09:39:20 +0000},
	Date-Modified = {2016-05-12 09:41:56 +0000},
	Title = {Описание Single Page Application},
	Url = {https://en.wikipedia.org/wiki/Single-page_application},
	Bdsk-Url-1 = {https://en.wikipedia.org/wiki/Single-page_application}}

@webpage{angularjs,
	Date-Added = {2016-05-12 09:35:12 +0000},
	Date-Modified = {2016-05-12 09:40:09 +0000},
	Title = {Веб-фреймворк AngularJs},
	Url = {https://angularjs.org/},
	Bdsk-Url-1 = {https://angularjs.org/}}

@webpage{nodejs,
	Date-Added = {2016-05-12 09:31:10 +0000},
	Date-Modified = {2016-05-12 09:40:13 +0000},
	Title = {Программная платформа NodeJS},
	Url = {https://nodejs.org/en/},
	Bdsk-Url-1 = {https://nodejs.org/en/}}
